2670 5198
1621 308 1697 323 ...-
1776 296 1807 355 7
1888 310 1965 323 -.
2225 353 2260 377 .

882 456 1000 512 Sed
1024 472 1322 529 possumus
1352 464 1599 512 nostram
1640 454 1979 510 sententiam
2015 453 2125 508 alia
2162 468 2234 507 ex
2258 461 2418 525 parte
2458 451 2505 521 [ιι

701 548 872 606 bilire.
918 547 1132 606 Omnes
1160 550 1309 606 enim
1328 549 1629 622 scriptores
1661 547 1757 622 qui
1776 547 1833 604 in
1853 546 2117 618 catalogo
2135 546 2466 618 adlegantur
2494 560 2505 600 ι

608 706 616 714 .
700 631 833 699 dori¹
872 650 1120 727 aetatem
1161 642 1362 698 vixisse
1416 649 1515 698 aut
1554 641 1720 698 certis
1768 640 2096 698 testimoniis
2158 648 2387 696 constat
2442 655 2505 696 au

700 736 934 792 videtur.
1002 735 1090 792 De
1149 745 1339 793 aetate
1391 735 1827 809 Naupactiorum
1886 743 2095 808 poetae
2134 729 2419 807 (Cinesiae
2477 732 2505 788 'l

699 828 1033 896 Stesichori,'
1060 829 1412 903 Panyassidis
1448 847 1561 886 non
1599 839 1687 885 est
1726 845 1827 885 cur
1864 828 2184 901 loquamur:
2236 827 2387 883 idem
2425 843 2505 882 cn«

620 959 629 968 ·
699 922 1010 993 lesagoram
1049 951 1120 964 —
1162 923 1235 982 cf.
1267 923 1521 989 Vossius.
1561 922 1650 979 De
1690 922 1878 980 histor.
1918 938 1999 993 gr.
2040 921 2065 976 1
2111 935 2181 976 22
2223 920 2398 978 West.
2452 947 2505 959 -

698 1016 978 1087 recydem.
1054 1014 1395 1089 Phylarchus
1436 1016 1741 1072 Ptolemaei
1784 1016 2105 1086 Euergetse
2145 1023 2208 1069 et
2249 1013 2505 1086 Philopat

697 1108 846 1163 ribus
875 1107 1072 1166 floruit.
1116 1108 1204 1165 De
1247 1109 1593 1165 Telesarcho
1632 1118 1692 1164 et
1730 1107 2041 1180 Polyarcho
2082 1107 2377 1181 Cyrenaeo
2422 1105 2506 1160 vel

698 1199 942 1271 lyantho‚
994 1202 1040 1256 si
1089 1203 1264 1257 Sexto
1312 1203 1544 1258 credere
1584 1202 1776 1266 mavis,
1816 1217 1929 1257 non
1968 1207 2193 1256 constat
2222 1196 2258 1268 ¹,
2298 1198 2505 1271 Apollo

697 1308 797 1346 eos
838 1294 1166 1348 vetustiores
1193 1284 1324 1348 esse
1351 1292 1790 1348 verisimillimum
1826 1300 1934 1348 est.
1974 1290 2158 1348 Nemo
2195 1298 2386 1346 autem
2425 1288 2505 1344 his

697 1385 914 1456 culapii,
960 1403 1060 1441 cnr
1093 1403 1128 1441 a
1169 1385 1300 1440 Iove
1343 1384 1667 1439 interfectus
1694 1385 1784 1450 sit,
1826 1401 1941 1438 non
1970 1381 2039 1441 ἐν
2071 1379 2352 1457 παρέργῳ
2393 1380 2505 1453 tani

696 1475 790 1544 qni
829 1477 965 1529 data
1021 1464 1209 1546 opera'
1235 1476 1290 1528 in
1328 1475 1509 1529 varias
1560 1475 1779 1530 fabulas
1818 1475 2116 1545 inquireret
2163 1483 2223 1529 et
2262 1483 2505 1545 poetar-m

695 1579 931 1640 rumque
974 1563 1290 1619 testimonia
1325 1563 1635 1636 conligeret
1674 1581 1789 1618 non
1831 1563 1931 1619 fuit
1972 1564 2079 1619 nisi
2120 1563 2505 1636 Apollodorus.

657 1719 672 1731 ,
878 1655 1197 1710 Teneamus
1238 1656 1402 1726 igitur
1439 1664 1691 1711 nostrum
1731 1656 2152 1728 Apollodorum.
2191 1653 2306 1710 lam
2343 1652 2505 1710 oetsh

694 1747 742 1804 si
780 1750 996 1805 intento
1035 1747 1221 1803 animo
1260 1747 1558 1819 perlegeris
1594 1748 1785 1805 statim
1829 1747 2243 1803 animadvertes
2270 1755 2427 1801 certo
2460 1761 2505 1800 οι

693 1860 862 1916 quam
908 1841 996 1897 hic
1034 1841 1139 1896 illic
1179 1840 1414 1897 turbato·
1443 1832 1662 1914 singula
1689 1839 2009 1898 testimonia
2035 1855 2162 1896 sese
2188 1839 2476 1912 excipere:

695 1935 913 1990 fabulae
972 1932 1158 1986 formis
1215 1934 1292 1988 ad
1346 1935 1669 1990 reconditas
1723 1933 2149 1997 adscendimus,
2202 1933 2447 2005 itemque
2493 1948 2505 1986 a

693 2025 971 2099 pedestris
1026 2023 1289 2081 orationis
1331 2026 1644 2098 scriptores.
1696 2026 1883 2096 Quem
1920 2025 2177 2080 ordinem
2214 2023 2498 2081 fortuitum

610 2127 620 2134 ’
692 2117 908 2193 putabit
943 2116 1048 2171 sed
1074 2125 1231 2172 certo
1258 2118 1490 2185 consilio
1518 2117 1744 2176 factum.
1786 2119 1974 2190 Atque
2013 2134 2141 2173 cnm
2167 2117 2255 2172 vix
2293 2132 2465 2171 unum
2496 2125 2505 2171 1

689 2211 817 2269 loco
858 2220 1211 2268 removeatur
1245 2227 1483 2269 necesse
1522 2211 1613 2279 sit,
1653 2219 1715 2269 ut
1754 2210 1982 2286 pristinu
2020 2210 2268 2284 catalogi
2302 2209 2477 2268 sonna

689 2314 750 2360 et
787 2303 843 2359 in
879 2304 1109 2360 clariore
1148 2305 1273 2362 luce
1312 2315 1572 2379 ponatur,
1607 2323 1723 2361 non
1767 2307 1939 2362 timeo
1977 2322 2052 2361 ne
2090 2305 2255 2361 nimis
2295 2305 2477 2360 seduli

688 2413 829 2460 mur,
872 2397 918 2450 si
959 2396 1069 2452 hoc
1105 2398 1280 2452 modo
1319 2398 1636 2468 oetalogum
1670 2399 1961 2453 restituere
1998 2397 2343 2456 conabimur.
2401 2397 2505 2453 Itan

613 2539 618 2548 .
689 2488 1047 2562 spicientibus
1097 2489 1258 2546 nobis
1307 2506 1608 2563 quemnam
1663 2489 1771 2546 hac
1810 2491 1867 2545 in
1907 2506 1968 2545 re
2016 2491 2219 2545 ducem
2259 2490 2505 2562 eligamu

687 2599 817 2639 sese
870 2583 1134 2640 obferunt
1175 2583 1531 2642 Philodemus
1585 2593 1643 2640 et
1680 2583 2055 2656 Apollodorus
2100 2591 2453 2656 personatus,
2496 2604 2505 2636 ι

575 2721 581 2727 ,
630 2721 633 2726 .
689 2675 856 2745 longe
890 2656 1295 2732 Getustissi‘mus
1333 2685 1443 2740 est,
1467 2676 1694 2748 genuini
1732 2677 2003 2732 sermonis
2047 2676 2298 2731 umbram
2339 2691 2505 2732 serva·

686 2766 759 2823 cf.
799 2784 854 2839 p.
897 2781 949 2835 5.

866 2853 1216 2932 Ἀσκληπιὸν
1261 2858 1329 2920 δὲ
1369 2856 1528 2933 Ζεὺς
1576 2855 2009 2933 ἐκεραύνωσεν,
2066 2856 2155 2931 ὡς
2194 2856 2302 2930 μὲν
2340 2856 2378 2917 ὁ
2412 2856 2488 2918 τὰ

683 2950 1039 3024 συγγράψας
1086 2950 1197 3012 κάν
1236 2949 1571 3030 Ἀσκληπιῷ
1608 2950 1916 3025 ,Τελέστης
1965 2950 2061 3012 καὶ
2101 2949 2415 3025 mimatae·
2454 2950 2492 3011 ὁ

624 3055 628 3060 ·
684 3038 774 3100 ὅτι
811 3040 920 3101 τὸν
957 3040 1299 3103 Ἱππόλυτον
1337 3042 1732 3115 παρακληθεὶς
1770 3040 1864 3101 ὑπ’
1905 3040 2248 3115 Ἀρτέμιδος
2295 3042 2505 3107 ἀνέστη

685 3136 945 3208 Sequitur
984 3136 1191 3192 deinde
1231 3136 1387 3208 apud
1424 3135 1597 3194 schol.
1637 3136 1754 3194 Alc.
1804 3150 1825 3192 ι
1873 3135 2331 3210 Amelesagoras,
2384 3153 2505 3211 quei

870 3340 885 3372 ¹
922 3343 1095 3391 Utrum
1140 3355 1169 3390 e
1220 3342 1369 3391 Sesto
1418 3340 1727 3403 Πολύανθος
1777 3355 1839 3390 an
1872 3356 1901 3391 e
1942 3340 2209 3391 scholiasta
2252 3342 2505 3407 Euripidio

683 3421 1024 3481 corrigendum
1058 3421 1122 3470 sit
1146 3421 1355 3470 dubitari
1388 3428 1564 3485 potest.
1598 3423 1705 3483 Ego
1737 3421 1899 3471 malim
1932 3424 2127 3471 Sextum
2159 3424 2317 3487 sequi,
2347 3422 2429 3487 qui
2462 3437 2505 3471 a«

682 3501 892 3551 titulum·
907 3501 1120 3559 exhibet.
1150 3502 1431 3567 praesertim
1464 3516 1571 3551 cnm
1603 3501 1909 3566 Πολύαρχος
1932 3503 2059 3566 apud
2089 3503 2250 3575 schol.
2284 3504 2403 3555 Ale.
2424 3518 2454 3552 e
2473 3505 2505 3551 Ἰ

681 3582 825 3646 mine,
854 3582 988 3647 quod
1022 3584 1277 3641 antecedit,
1311 3590 1473 3632 uatum
1507 3596 1617 3633 esse
1649 3584 1900 3640 videaturg
1932 3584 1994 3632 cs.
2031 3584 2261 3642 Vossius,
2294 3586 2373 3633 De
2408 3585 2505 3633 hist

681 3674 753 3723 sq.
787 3662 948 3711 West.

864 3739 887 3772 ⁸
936 3739 1052 3788 Non
1100 3754 1301 3803 possum
1350 3741 1548 3790 credere
1596 3740 1908 3792 ‘rectissime'
1948 3742 2395 3805 Wilamoveltslum‚
2446 3743 2505 3790 Ζι

680 3822 818 3879 logie
847 3822 872 3871 1
902 3836 950 3879 p.
987 3832 1044 3869 21
1085 3821 1194 3872 adn.
1230 3822 1293 3870 28
1329 3846 1390 3859 ·-
1425 3822 1620 3875 Robert
1654 3837 1703 3879 ρ.
1738 3824 1799 3879 58
1827 3824 1938 3873 adu.
1974 3833 2003 3879 3
2035 3823 2407 3872 Wilamoveltaii
2440 3837 2505 3871 sei
