2670 5198
1389 271 1468 290 ··-
1544 263 1616 303 ’2ι
1703 271 1774 288 -

670 418 914 490 Quinam
961 419 1202 491 scriptor
1245 419 1355 472 sub
1395 416 1703 472 Philodemi
1750 416 1931 470 verbis
1976 412 2122 473 ἔνιοι
2175 408 2231 472 δ’
2278 408 2381 485 ὑφ’
2416 409 2661 483 Ἐρμσῡς

485 514 660 568 lateat
718 511 1106 581 cognoscimus
1156 527 1191 562 e
1240 508 1457 563 scholio
1506 506 1820 564 Pindarico.
1900 507 2003 561 Est
2049 506 2301 561 Sosibius
2362 505 2518 560 12oe
2572 502 2661 570 [cs.

444 651 452 659 .
487 604 690 659 Manet
729 603 889 657 FHG
929 602 980 656 11
1023 595 1181 673 6251.
1229 616 1346 655 non
1385 598 1646 669 ignobilis
1681 598 2078 668 grammaticus
2117 582 2179 651 et
2216 594 2537 658 historicus,
2572 593 2661 663 qul

488 690 797 761 Ptolemaei
831 689 1187 761 ,Philadelphi
1229 687 1574 757 temporibus
1612 687 1865 741 florebat.
1934 685 2094 740 Unus
2120 686 2391 740 Musaeus
2423 693 2526 739 aut
2557 684 2661 737 Eu-

481 768 709 855 'molpus
744 781 1119 855 explicatione
1153 778 1387 849 indiget.
1464 773 1764 833 Musaeum
1803 777 2056 832 nominat
2087 776 2309 832 Pindari
2345 774 2661 836 scholiasta,

418 880 428 890 '
456 874 840 945 -Eumolpum‚
901 875 948 928 si
987 873 1129 928 fides
1168 870 1434 925 habenda
1472 870 1546 923 sit
1583 869 1709 923 viris
1746 869 1951 933 doctis,
2006 869 2102 939 qui
2142 869 2443 923 litterarum
2477 867 2661 936 apices

354 1000 365 1014 ι
482 961 725 1035 Εὐμολπ
763 965 819 1019 in
859 965 1009 1018 hunc
1046 962 1276 1017 modum
1314 960 1734 1030 suppleverunt.
1775 957 2153 1014 Philodemus.
2206 958 2487 1012 Facillime
2524 972 2661 1009 sane

362 1076 372 1085 ·
480 1055 624 1112 haec
661 1054 962 1112 difficultas
992 1046 1270 1109 removeri
1310 1050 1508 1124 possit,
1550 1048 1599 1106 si
1638 1056 1951 1106 statuamus
1988 1057 2051 1104 et
2086 1048 2418 1121 Eumolpum
2454 1055 2516 1103 et
2542 1044 2661 1102 Mu-

481 1166 676 1205 saeum
715 1150 788 1205 ab
827 1147 1177 1220 Apollodoro
1215 1142 1686 1200 commemoratos
1726 1143 1914 1200 fuisse.
1955 1144 2140 1213 Atque
2177 1149 2365 1220 exstat
2399 1140 2660 1247 Eumolpi

484 1240 783 1297 versiculus
822 1257 859 1295 a
896 1239 1152 1294 Diodoro
1191 1237 1215 1291 1
1264 1250 1350 1308 ιι,
1375 1250 1410 1306 3
1451 1233 1704 1290 servatus
1740 1252 1777 1290 a
1816 1233 2080 1289 Kinkelio
2117 1234 2357 1302 omissus

751 1345 872 1404 τῶν
910 1343 977 1403 δὲ
1017 1337 1156 1416 παρ’
1188 1334 1438 1413 Ἕλλησι
1475 1340 1746 1400 παλαιῶν
1779 1338 2130 1412 μυθολόγων
2167 1339 2325 1412 τινὲς
2361 1337 2467 1398 τὸν
2492 1334 2655 1395 Ὅσι·

450 1433 463 1448 “
481 1454 573 1509 ριν
609 1424 915 1497 Διόνυσον
951 1433 1470 1509 προςονομάζουσι
1510 1430 1606 1493 καὶ
1632 1430 1864 1505 Σείριον
1896 1429 2296 1516 παρωνύμως·
2330 1429 2417 1502 ὡς
2442 1425 2660 1501 Εὔμολ-

408 1598 415 1606 ,
479 1545 595 1602 no<
642 1529 750 1602 μὲν
787 1528 855 1589 ἐν
889 1529 1015 1600 τοῖς
1059 1526 1365 1599 Βακχικοῖς
1402 1523 1573 1586 ἔπεσί
1610 1536 1800 1598 φησιν
1942 1512 1947 1517 ’

842 1631 1159 1707 ἀστροφαῆ
1198 1630 1507 1692 Διόνυσον
1544 1628 1613 1690 ἐν
1650 1628 1954 1689 ἀκτίνεσσι
1991 1628 2295 1702 πυρωπόν.

650 1720 929 1815 Fuerunt
966 1741 1132 1813 igitur
1178 1739 1277 1811 qui
1328 1738 1597 1811 Eumolpi·
1634 1736 1886 1812 quoque'
1908 1754 2210 1810 personam
2257 1738 2557 1793 induerent
2598 1746 2660 1791 et

479 1852 584 1891 sua
628 1835 871 1890 carmina
915 1834 1056 1888 vatis
1088 1833 1454 1894 ,vetustissimi
1503 1830 1731 1886 nomine
1770 1841 2127 1886 exornarent.
2204 1830 2391 1899 Quam
2428 1830 2507 1883 ob
2545 1846 2655 1898 rem

410 1971 419 1981 .
480 1928 553 1981 ab
592 1925 699 1980 hac
738 1908 907 1997 parte>
936 1925 1014 1979 de
1054 1923 1332 1995 Eumolpo
1375 1923 1645 1993 scriptore
1685 1921 1945 1977 dubitare
1983 1938 2099 1989 non
2137 1922 2285 1977 licet.
2358 1921 2432 1976 At
2470 1929 2655 1975 tamen

482 2033 809 2091 persuasum
860 2016 1044 2071 habeo
1091 2015 1280 2086 aliquo
1329 2015 1506 2070 modo
1559 2032 1593 2070 a
1634 2013 1967 2070 Philodemo
2011 2013 2307 2069 Musaeum
2354 2013 2660 2068 indie-tum

488 2110 674 2166 fuisse.
761 2110 951 2183 Atque
989 2103 1116 2166 cum
1155 2108 1425 2166 Musaeus
1463 2117 1523 2164 et
1563 2107 1823 2181 Eumolpi
1863 2107 2004 2163 iilius
2042 2123 2173 2163 esse
2212 2108 2430 2162 dicatur
2466 2134 2544 2147 —-
2586 2104 2656 2162 cs.

486 2203 669 2260 Laert.
710 2202 877 2275 Diog.
913 2203 938 2258 1
976 2210 1228 2276 prooem.
1266 2198 1361 2275 §3
1401 2230 1476 2243 —-
1521 2211 1580 2258 et
1620 2198 2019 2274 Εὐμολπίαν
2066 2184 2503 2274 scripsisso‚'‹le
2549 2216 2657 2272 qua

485 2311 668 2366 pauca
707 2295 875 2351 tradit
916 2293 1224 2350 Pausanias
1260 2293 1314 2350 X
1355 2307 1410 2364 5,
1448 2293 1485 2349 ὁ
1538 2292 1612 2351 cs.
1651 2291 1853 2349 Kinltel
1893 2291 2046 2349 FEG
2090 2291 2115 2346 1
2152 2306 2289 2360 225.
2331 2291 2394 2348 sr.
2440 2305 2489 2356 ι,
2529 2291 2657 2345 inde

479 2385 718 2441 fortasse
777 2386 1188 2442 emendationis
1241 2386 1495 2442 subsidia
1544 2386 1855 2456 repetenda
1912 2393 2062 2440 sunt.
2141 2383 2256 2439 Sed
2316 2397 2657 2456 quocunque

360 2512 363 2513 ν
431 2477 650 2533 ,modo
702 2478 778 2532 de
834 2458 1115 2549 Eumolpo
1165 2486 1225 2533 et
1272 2477 1530 2533 Musaeo·
1569 2476 1814 2541 iudicas,
1875 2492 1991 2531 non
2040 2483 2257 2531 tantum
2314 2490 2475 2529 esse
2501 2473 2660 2545 qnod

477 2568 618 2624 inter
659 2567 1048 2625 Philodemum
1086 2576 1147 2623 et
1188 2567 1548 2625 scholiastam
1597 2565 1954 2623 Pindaricum
2000 2565 2301 2623 intercedit
2358 2565 2654 2621 discrimen

454 2653 538 2714 ‘ut
575 2660 899 2716 alterutrum
937 2659 1106 2715 alium
1145 2668 1436 2715 auctorem
1473 2668 1728 2715 secutum
1767 2668 2097 2724 statuamus,
2154 2659 2326 2714 immo
2365 2668 2655 2746 utrumque

390 2743 398 2752 ⁰
476 2751 804 2822 Apollodori
843 2751 1021 2823 copiis
1062 2767 1223 2807 usum
1262 2767 1391 2807 esse
1432 2740 1817 2807 lubentissime
1855 2751 2159 2806 concedes.
2250 2773 2256 2778 ·

658 2843 806 2900 Huic
853 2844 1117 2917 catalogo
1166 2844 1374 2899 similes
1413 2847 1546 2899 sunt
1591 2846 1749 2916 apud
1791 2843 2179 2900 Philodemum
2218 2844 2378 2898 multi
2417 2842 2655 2897 sortasse

478 2936 856 3006 Apollodorei,
894 2937 1221 3008 praesertim
1267 2937 1314 2991 si
1355 2928 1513 2991 rarae
1552 2937 1856 2992 memoriae
1906 2945 2115 3007 poetae
2154 2945 2659 2990 commemorantur

474 3028 624 3082 velut
663 3026 920 3083 Cinesias
966 3036 1026 3082 et
1064 3027 1344 3085 Telestes.
1425 3027 1599 3095 Quod
1642 3019 1876 3092 tamen(
1902 3028 2036 3099 quia
2074 3027 2401 3083 coniectura
2440 3034 2654 3080 tantum

474 3120 666 3175 nititur
713 3136 899 3191 neque
944 3119 1281 3176 scholiorum
1330 3120 1754 3192 comparatione
1792 3119 2104 3176 confirmari
2138 3126 2348 3191 potest,
2382 3134 2496 3173 non
2536 3105 2661 3172 am·'

475 3212 620 3284 plius
657 3228 967 3284 persequor
1004 3220 1064 3267 et
1101 3213 1160 3267 in
1199 3213 1533 3268 contrariam
1570 3212 1907 3268 sententiam
1931 3213 2224 3285 disputare
2250 3198 2452 3268 malim.
2497 3209 2656 3281 Quid

472 3538 569 3581 nat.
610 3532 688 3580 111
733 3542 793 3592 23
837 3529 864 3597 ξ
890 3543 968 3595 57,
1015 3532 1101 3594 qni
1143 3532 1275 3581 idem
1298 3532 1630 3604 ,enchiridion
1670 3548 1844 3594 graece
1884 3536 2208 3599 conscriptum
2257 3536 2393 3598 quod
2428 3534 2660 3582 Clemens

472 3611 561 3659 sed
595 3610 926 3660 recensionem
957 3612 1272 3660 vetustiorem
1305 3611 1547 3670 adhibuit,
1580 3619 1809 3675 quattuor
1838 3621 2022 3663 tantum
2056 3615 2259 3664 noverit.
2322 3615 2478 3662 Vides
2511 3614 2660 3662 etiam

472 3690 563 3738 hac
616 3705 675 3739 ex
725 3697 861 3753 parte
902 3690 1111 3738 Biickliii
1159 3690 1223 3739 de
1263 3692 1528 3741 Aristoclis
1577 3700 1734 3741 aetate
1783 3694 2070 3741 sententiam
2123 3694 2320 3752 egregio
2371 3692 2661 3740 confirmari.

400 3802 405 3808 -
470 3769 650 3818 Contra
690 3772 975 3819 recensione
1009 3770 1292 3819 Aristoclea
1335 3771 1485 3820 utitur
1525 3772 1744 3835 Ampelii
1799 3773 1890 3822 lib.
1933 3787 2074 3823 mem.
2114 3788 2158 3822 c.
2188 3784 2221 3831 9
2265 3780 2436 3821 auctor
2475 3771 2658 3819 latinus

380 3840 383 3844 ’
472 3850 680 3898 sortasse
711 3849 957 3910 Nigidius.
1030 3850 1295 3899 Praeterea·
1327 3850 1546 3900 eiusdem
1586 3853 1865 3917 compendii
1908 3854 2142 3913 fragmina
2177 3853 2485 3901 inveniuntur
2523 3852 2653 3915 apud

470 3928 626 3980 Cicer.
665 3929 730 3978 de
771 3918 926 3990 deor.
950 3936 1045 3981 nat.
1086 3930 1164 3979 111
1203 3931 1388 3993 16.42;
1438 3933 1517 3982 111
1550 3933 1743 3994 21-'24
1776 3928 1830 4000 ἕξ
1856 3936 2072 3997 53-613
2117 3936 2241 3997 Lyd.
2284 3933 2349 3981 de
2388 3946 2544 3983 mens.
2583 3931 2656 3981 lv

426 4009 430 4015 “
470 4023 553 4073 ρρ.
584 4010 663 4059 82.
696 4011 776 4069 89.
809 4021 890 4071 94.
925 4022 1005 4075 95.
1045 4022 1149 4075 ¹⁰5·
1188 4022 1276 4074 ¹²⁵
1311 4012 1531 4071 Setinum
1581 4014 1715 4065 Serv.
1758 4015 1820 4063 ad
1856 4015 2007 4074 Verg.
2041 3995 2171 4067 Ae'n.
2206 4015 2232 4063 1
2266 4024 2388 4075 ²⁹7·
2427 4013 2505 4062 Iv
2540 4023 2657 4077 377.

468 4087 534 4139 cf.
575 4088 821 4152 Mythogr.
855 4091 967 4142 Vat.
1000 4093 1054 4142 11
1085 4102 1142 4155 41
1181 4089 1230 4158 [1
1260 4107 1310 4156 p.
1334 4094 1399 4142 88
1416 4108 1490 4155 sq.
1524 4092 1712 4159 Bode]‚
1758 4096 1897 4146 Luet.
1937 4095 2077 4147 Piae.
2119 4095 2183 4145 ad
2228 4095 2350 4144 Stat.
2389 4093 2552 4144 neb.
2585 4093 2658 4142 tv

467 4170 566 4229 482
588 4168 753 4221 eho,
775 4169 899 4221 laha
929 4173 1060 4222 Mas.
1093 4171 1259 4223 Rhea.
1291 4173 1374 4222 IX
1412 4174 1536 4236 1854
1571 4187 1619 4237 p.
1642 4174 1757 4242 627.
